@ARTICLE{Finlay.10,
   author = {{Finlay}, C.~C. and {Maus}, S. and {Beggan}, C.~D. and {Bondar}, T.~N. and 
	{Chambodut}, A. and {Chernova}, T.~A. and {Chulliat}, A. and 
	{Golovkov}, V.~P. and {Hamilton}, B. and {Hamoudi}, M. and {Holme}, R. and 
	{Hulot}, G. and {Kuang}, W. and {Langlais}, B. and {Lesur}, V. and 
	{Lowes}, F.~J. and {L{\"u}hr}, H. and {MacMillan}, S. and {Mandea}, M. and 
	{McLean}, S. and {Manoj}, C. and {Menvielle}, M. and {Michaelis}, I. and 
	{Olsen}, N. and {Rauberg}, J. and {Rother}, M. and {Sabaka}, T.~J. and 
	{Tangborn}, A. and {T{\o}ffner-Clausen}, L. and {Th{\'e}bault}, E. and 
	{Thomson}, A.~W.~P. and {Wardinski}, I. and {Wei}, Z. and {Zvereva}, T.~I.
	},
    title = "{International Geomagnetic Reference Field: the eleventh generation}",
  journal = {Geophysical Journal International},
 keywords = {Magnetic field; Satellite magnetics},
     year = 2010,
    month = dec,
   volume = 183,
    pages = {1216-1230},
      doi = {10.1111/j.1365-246X.2010.04804.x},
   adsurl = {http://adsabs.harvard.edu/abs/2010GeoJI.183.1216F},
  adsnote = {Provided by the SAO/NASA Astrophysics Data System}
}
@ARTICLE{Sotomayor-Beltran.13,
   author = {{Sotomayor-Beltran}, C. and {Sobey}, C. and {Hessels}, J.~W.~T. and 
	{de Bruyn}, G. and {Noutsos}, A. and {Alexov}, A. and {Anderson}, J. and 
	{Asgekar}, A. and {Avruch}, I.~M. and {Beck}, R. and {Bell}, M.~E. and 
	{Bell}, M.~R. and {Bentum}, M.~J. and {Bernardi}, G. and {Best}, P. and 
	{Birzan}, L. and {Bonafede}, A. and {Breitling}, F. and {Broderick}, J. and 
	{Brouw}, W.~N. and {Br{\"u}ggen}, M. and {Ciardi}, B. and {de Gasperin}, F. and 
	{Dettmar}, R.-J. and {van Duin}, A. and {Duscha}, S. and {Eisl{\"o}ffel}, J. and 
	{Falcke}, H. and {Fallows}, R.~A. and {Fender}, R. and {Ferrari}, C. and 
	{Frieswijk}, W. and {Garrett}, M.~A. and {Grie{\ss}meier}, J. and 
	{Grit}, T. and {Gunst}, A.~W. and {Hassall}, T.~E. and {Heald}, G. and 
	{Hoeft}, M. and {Horneffer}, A. and {Iacobelli}, M. and {Juette}, E. and 
	{Karastergiou}, A. and {Keane}, E. and {Kohler}, J. and {Kramer}, M. and 
	{Kondratiev}, V.~I. and {Koopmans}, L.~V.~E. and {Kuniyoshi}, M. and 
	{Kuper}, G. and {van Leeuwen}, J. and {Maat}, P. and {Macario}, G. and 
	{Markoff}, S. and {McKean}, J.~P. and {Mulcahy}, D.~D. and {Munk}, H. and 
	{Orru}, E. and {Paas}, H. and {Pandey-Pommier}, M. and {Pilia}, M. and 
	{Pizzo}, R. and {Polatidis}, A.~G. and {Reich}, W. and {R{\"o}ttgering}, H. and 
	{Serylak}, M. and {Sluman}, J. and {Stappers}, B.~W. and {Tagger}, M. and 
	{Tang}, Y. and {Tasse}, C. and {ter Veen}, S. and {Vermeulen}, R. and 
	{van Weeren}, R.~J. and {Wijers}, R.~A.~M.~J. and {Wijnholds}, S.~J. and 
	{Wise}, M.~W. and {Wucknitz}, O. and {Yatawatta}, S. and {Zarka}, P.
	},
    title = "{Calibrating high-precision Faraday rotation measurements for LOFAR and the next generation of low-frequency radio telescopes}",
  journal = {\aap},
archivePrefix = "arXiv",
   eprint = {1303.6230},
 primaryClass = "astro-ph.IM",
 keywords = {polarization, techniques: polarimetric},
     year = 2013,
    month = apr,
   volume = 552,
      eid = {A58},
    pages = {A58},
      doi = {10.1051/0004-6361/201220728},
   adsurl = {http://adsabs.harvard.edu/abs/2013A%26A...552A..58S},
  adsnote = {Provided by the SAO/NASA Astrophysics Data System}
}
@ARTICLE{Moore.13,
   author = {{Moore}, D.~F. and {Aguirre}, J.~E. and {Parsons}, A.~R. and 
	{Jacobs}, D.~C. and {Pober}, J.~C.},
    title = "{The Effects of Polarized Foregrounds on 21 cm Epoch of Reionization Power Spectrum Measurements}",
  journal = {ApJ},
archivePrefix = "arXiv",
   eprint = {1302.0876},
 primaryClass = "astro-ph.CO",
 keywords = {cosmology: observations, instrumentation: interferometers, instrumentation: polarimeters},
     year = 2013,
    month = jun,
   volume = 769,
      eid = {154},
    pages = {154},
      doi = {10.1088/0004-637X/769/2/154},
   adsurl = {http://adsabs.harvard.edu/abs/2013ApJ...769..154M},
  adsnote = {Provided by the SAO/NASA Astrophysics Data System}
}
@ARTICLE{Pober.13,
   author = {{Pober}, J.~C. and {Parsons}, A.~R. and {Aguirre}, J.~E. and 
	{Ali}, Z. and {Bradley}, R.~F. and {Carilli}, C.~L. and {DeBoer}, D. and 
	{Dexter}, M. and {Gugliucci}, N.~E. and {Jacobs}, D.~C. and 
	{Klima}, P.~J. and {MacMahon}, D. and {Manley}, J. and {Moore}, D.~F. and 
	{Stefan}, I.~I. and {Walbrugh}, W.~P.},
    title = "{Opening the 21 cm Epoch of Reionization Window: Measurements of Foreground Isolation with PAPER}",
  journal = {ApJL},
archivePrefix = "arXiv",
   eprint = {1301.7099},
 primaryClass = "astro-ph.CO",
 keywords = {cosmology: observations, dark ages, reionization, first stars, techniques: interferometric},
     year = 2013,
    month = may,
   volume = 768,
      eid = {L36},
    pages = {L36},
      doi = {10.1088/2041-8205/768/2/L36},
   adsurl = {http://adsabs.harvard.edu/abs/2013ApJ...768L..36P},
  adsnote = {Provided by the SAO/NASA Astrophysics Data System}
}
@ARTICLE{Bernardi.13,
   author = {{Bernardi}, G. and {Greenhill}, L.~J. and {Mitchell}, D.~A. and 
	{Ord}, S.~M. and {Hazelton}, B.~J. and {Gaensler}, B.~M. and 
	{de Oliveira-Costa}, A. and {Morales}, M.~F. and {Udaya Shankar}, N. and 
	{Subrahmanyan}, R. and {Wayth}, R.~B. and {Lenc}, E. and {Williams}, C.~L. and 
	{Arcus}, W. and {Arora}, B.~S. and {Barnes}, D.~G. and {Bowman}, J.~D. and 
	{Briggs}, F.~H. and {Bunton}, J.~D. and {Cappallo}, R.~J. and 
	{Corey}, B.~E. and {Deshpande}, A. and {deSouza}, L. and {Emrich}, D. and 
	{Goeke}, R. and {Herne}, D. and {Hewitt}, J.~N. and {Johnston-Hollitt}, M. and 
	{Kaplan}, D. and {Kasper}, J.~C. and {Kincaid}, B.~B. and {Koenig}, R. and 
	{Kratzenberg}, E. and {Lonsdale}, C.~J. and {Lynch}, M.~J. and 
	{McWhirter}, S.~R. and {Morgan}, E. and {Oberoi}, D. and {Pathikulangara}, J. and 
	{Prabu}, T. and {Remillard}, R.~A. and {Rogers}, A.~E.~E. and 
	{Roshi}, A. and {Salah}, J.~E. and {Sault}, R.~J. and {Srivani}, K.~S. and 
	{Stevens}, J. and {Tingay}, S.~J. and {Waterson}, M. and {Webster}, R.~L. and 
	{Whitney}, A.~R. and {Williams}, A. and {Wyithe}, J.~S.~B.},
    title = "{A 189 MHz, 2400 deg$^{2}$ Polarization Survey with the Murchison Widefield Array 32-element Prototype}",
  journal = {\apj},
archivePrefix = "arXiv",
   eprint = {1305.6047},
 keywords = {diffuse radiation, ISM: magnetic fields, polarization, radio continuum: general, surveys, techniques: interferometric},
     year = 2013,
    month = jul,
   volume = 771,
      eid = {105},
    pages = {105},
      doi = {10.1088/0004-637X/771/2/105},
   adsurl = {http://adsabs.harvard.edu/abs/2013ApJ...771..105B},
  adsnote = {Provided by the SAO/NASA Astrophysics Data System}
}
@ARTICLE{Geil.11,
   author = {{Geil}, P.~M. and {Gaensler}, B.~M. and {Wyithe}, J.~S.~B.},
    title = "{Polarized foreground removal at low radio frequencies using rotation measure synthesis: uncovering the signature of hydrogen reionization}",
  journal = {\mnras},
archivePrefix = "arXiv",
   eprint = {1011.2321},
 keywords = {instrumentation: interferometers, techniques: polarimetric, cosmology: observations, cosmology: theory, diffuse radiation, radio continuum: general},
     year = 2011,
    month = nov,
   volume = 418,
    pages = {516-535},
      doi = {10.1111/j.1365-2966.2011.19509.x},
   adsurl = {http://adsabs.harvard.edu/abs/2011MNRAS.418..516G},
  adsnote = {Provided by the SAO/NASA Astrophysics Data System}
}

@ARTICLE{Asad.15,
   author = {{Asad}, K.~M.~B. and {Koopmans}, L.~V.~E. and {Jeli{\'c}}, V. and 
	{Pandey}, V.~N. and {Ghosh}, A. and {Abdalla}, F.~B. and {Bernardi}, G. and 
	{Brentjens}, M.~A. and {de Bruyn}, A.~G. and {Bus}, S. and {Ciardi}, B. and 
	{Chapman}, E. and {Daiboo}, S. and {Fernandez}, E.~R. and {Harker}, G. and 
	{Iliev}, I.~T. and {Jensen}, H. and {Martinez-Rubi}, O. and 
	{Mellema}, G. and {Mevius}, M. and {Offringa}, A.~R. and {Patil}, A.~H. and 
	{Schaye}, J. and {Thomas}, R.~M. and {van der Tol}, S. and {Vedantham}, H.~K. and 
	{Yatawatta}, S. and {Zaroubi}, S.},
    title = "{Polarization leakage in epoch of reionization windows - I. Low Frequency Array observations of the 3C196 field}",
  journal = {\mnras},
archivePrefix = "arXiv",
   eprint = {1503.01644},
 keywords = {polarization, instrumentation: polarimeters, intergalactic medium, cosmo-logy: observations, dark ages, reionization, first stars},
     year = 2015,
    month = aug,
   volume = 451,
    pages = {3709-3727},
      doi = {10.1093/mnras/stv1107},
   adsurl = {http://adsabs.harvard.edu/abs/2015MNRAS.451.3709A},
  adsnote = {Provided by the SAO/NASA Astrophysics Data System}
}
@ARTICLE{Sault.96,
   author = {{Sault}, R.~J. and {Hamaker}, J.~P. and {Bregman}, J.~D.},
    title = "{Understanding radio polarimetry. II. Instrumental calibration of an interferometer array.}",
  journal = {\aaps},
 keywords = {METHODS: ANALYTICAL, METHODS: DATA ANALYSIS, TECHNIQUES: INTERFEROMETERS, TECHNIQUES: POLARIMETERS},
     year = 1996,
    month = may,
   volume = 117,
    pages = {149-159},
   adsurl = {http://adsabs.harvard.edu/abs/1996A%26AS..117..149S},
  adsnote = {Provided by the SAO/NASA Astrophysics Data System}
}

@ARTICLE{Smirnov.11,
   author = {{Smirnov}, O.~M.},
    title = "{Revisiting the radio interferometer measurement equation. I. A full-sky Jones formalism}",
  journal = {\aap},
archivePrefix = "arXiv",
   eprint = {1101.1764},
 primaryClass = "astro-ph.IM",
 keywords = {methods: numerical, methods: analytical, methods: data analysis, techniques: interferometric, techniques: polarimetric},
     year = 2011,
    month = mar,
   volume = 527,
      eid = {A106},
    pages = {A106},
      doi = {10.1051/0004-6361/201016082},
   adsurl = {http://adsabs.harvard.edu/abs/2011A%26A...527A.106S},
  adsnote = {Provided by the SAO/NASA Astrophysics Data System}
}
@Article{Carozzi.09,
author = {Carozzi, T.~D. and Woan, G.},
title = {A generalized measurement equation and van Cittert-Zernike theorem for wide-field radio astronomical interferometry},
journal = {MNRAS},
year = {2009},
volume = {395},
OPTpages = {1558-1568}
}

@ARTICLE{Jacobs.13,
   author = {{Jacobs}, D.~C. and {Parsons}, A.~R. and {Aguirre}, J.~E. and 
	{Ali}, Z. and {Bowman}, J. and {Bradley}, R.~F. and {Carilli}, C.~L. and 
	{DeBoer}, D.~R. and {Dexter}, M.~R. and {Gugliucci}, N.~E. and 
	{Klima}, P. and {MacMahon}, D.~H.~E. and {Manley}, J.~R. and 
	{Moore}, D.~F. and {Pober}, J.~C. and {Stefan}, I.~I. and {Walbrugh}, W.~P.
	},
    title = "{A Flux Scale for Southern Hemisphere 21 cm Epoch of Reionization Experiments}",
  journal = {\apj},
archivePrefix = "arXiv",
   eprint = {1307.7716},
 primaryClass = "astro-ph.CO",
 keywords = {dark ages, reionization, first stars, catalogs, instrumentation: interferometers},
     year = 2013,
    month = oct,
   volume = 776,
      eid = {108},
    pages = {108},
      doi = {10.1088/0004-637X/776/2/108},
   adsurl = {http://adsabs.harvard.edu/abs/2013ApJ...776..108J},
  adsnote = {Provided by the SAO/NASA Astrophysics Data System}
}
@ARTICLE{Parsons.12a,
   author = {{Parsons}, A.~R. and {Pober}, J.~C. and {Aguirre}, J.~E. and 
	{Carilli}, C.~L. and {Jacobs}, D.~C. and {Moore}, D.~F.},
    title = "{A Per-baseline, Delay-spectrum Technique for Accessing the 21 cm Cosmic Reionization Signature}",
  journal = {ApJ},
archivePrefix = "arXiv",
   eprint = {1204.4749},
 primaryClass = "astro-ph.IM",
 keywords = {cosmology: observations, instrumentation: interferometers, radio continuum: general, site testing, techniques: interferometric, telescopes},
     year = 2012,
    month = sep,
   volume = 756,
      eid = {165},
    pages = {165},
      doi = {10.1088/0004-637X/756/2/165},
   adsurl = {http://adsabs.harvard.edu/abs/2012ApJ...756..165P},
  adsnote = {Provided by the SAO/NASA Astrophysics Data System}
}

@ARTICLE{Parsons.12b,
   author = {{Parsons}, A. and {Pober}, J. and {McQuinn}, M. and {Jacobs}, D. and 
	{Aguirre}, J.},
    title = "{A Sensitivity and Array-configuration Study for Measuring the Power Spectrum of 21 cm Emission from Reionization}",
  journal = {\apj},
archivePrefix = "arXiv",
   eprint = {1103.2135},
 primaryClass = "astro-ph.IM",
 keywords = {cosmology: observations, instrumentation: interferometers, methods: observational, techniques: interferometric, telescopes},
     year = 2012,
    month = jul,
   volume = 753,
      eid = {81},
    pages = {81},
      doi = {10.1088/0004-637X/753/1/81},
   adsurl = {http://adsabs.harvard.edu/abs/2012ApJ...753...81P},
  adsnote = {Provided by the SAO/NASA Astrophysics Data System}
}

@ARTICLE{Parsons.10,
   author = {{Parsons}, A.~R. and {Backer}, D.~C. and {Foster}, G.~S. and 
	{Wright}, M.~C.~H. and {Bradley}, R.~F. and {Gugliucci}, N.~E. and 
	{Parashare}, C.~R. and {Benoit}, E.~E. and {Aguirre}, J.~E. and 
	{Jacobs}, D.~C. and {Carilli}, C.~L. and {Herne}, D. and {Lynch}, M.~J. and 
	{Manley}, J.~R. and {Werthimer}, D.~J.},
    title = "{The Precision Array for Probing the Epoch of Re-ionization: Eight Station Results}",
  journal = {\aj},
archivePrefix = "arXiv",
   eprint = {0904.2334},
 primaryClass = "astro-ph.CO",
 keywords = {cosmology: observations, instrumentation: interferometers, radio continuum: general, techniques: interferometric, site testing, telescopes},
     year = 2010,
    month = apr,
   volume = 139,
    pages = {1468-1480},
      doi = {10.1088/0004-6256/139/4/1468},
   adsurl = {http://adsabs.harvard.edu/abs/2010AJ....139.1468P},
  adsnote = {Provided by the SAO/NASA Astrophysics Data System}
}

@ARTICLE{HBS.1.96,
   author = {{Hamaker}, J.~P. and {Bregman}, J.~D. and {Sault}, R.~J.},
    title = "{Understanding radio polarimetry. I. Mathematical foundations.}",
  journal = {A\&AS},
 keywords = {METHODS: ANALYTICAL, METHODS: DATA ANALYSIS, TECHNIQUES: INTERFEROMETERS, TECHNIQUES: POLARIMETERS},
     year = 1996,
    month = may,
   volume = 117,
    pages = {137-147},
   adsurl = {http://adsabs.harvard.edu/abs/1996A%26AS..117..137H},
  adsnote = {Provided by the SAO/NASA Astrophysics Data System}
}
@BOOK{TMS,
   author = {{Thompson}, A.~R. and {Moran}, J.~M. and {Swenson}, Jr., G.~W.
	},
    title = "{Interferometry and Synthesis in Radio Astronomy, 3rd Edition}",
 keywords = {Physics},
booktitle = {Interferometry and Synthesis in Radio Astronomy, by A.~Richard Thompson, James M.~Moran, and George W.~Swenson, Jr.~3rd ed.~Springer, 2017.},
     year = 2017,
      doi = {10.1007/978-3-319-44431-4},
   adsurl = {http://adsabs.harvard.edu/abs/2017isra.book.....T},
  adsnote = {Provided by the SAO/NASA Astrophysics Data System}
}
@ARTICLE{Moore.17,
   author = {{Moore}, D.~F. and {Aguirre}, J.~E. and {Kohn}, S.~A. and {Parsons}, A.~R. and 
	{Ali}, Z.~S. and {Bradley}, R.~F. and {Carilli}, C.~L. and {DeBoer}, D.~R. and 
	{Dexter}, M.~R. and {Gugliucci}, N.~E. and {Jacobs}, D.~C. and 
	{Klima}, P. and {Liu}, A. and {MacMahon}, D.~H.~E. and {Manley}, J.~R. and 
	{Pober}, J.~C. and {Stefan}, I.~I. and {Walbrugh}, W.~P.},
    title = "{Limits on Polarized Leakage for the PAPER Epoch of Reionization Measurements at 126 and 164 MHz}",
  journal = {ApJ},
 keywords = {dark ages, reionization, first stars, polarization},
     year = 2017,
    month = feb,
   volume = 836,
      eid = {154},
    pages = {154},
      doi = {10.3847/1538-4357/836/2/154},
   adsurl = {http://adsabs.harvard.edu/abs/2017ApJ...836..154M},
  adsnote = {Provided by the SAO/NASA Astrophysics Data System}
}
@Misc{navaid,
author = {{World Aero Data}},
title = {http://worldaerodata.com/wad.cgi?nav=VICTORIA+WEST\&nav\_id=VWV\&nav\_type=1},
howpublished = {website},
year = {2016}
}
@Misc{airforce,
author= {{Civil Aviation Authority}},
title={http://www.caa.co.za/Pages/Search-results.aspx?k=frequency\#k=113.3\%20MHz},
howpublished={website},
year={2016}
}

@TechReport{SAKRQZ,
author = {{SKA Panel}},
title = {Expert Panel on Radio Quiet Zone and RFI Regulation Report},
institution = {Square Kilometer Array},
year = {2012},
address = {\url{https://www.skatelescope.org/wp-content/uploads/2012/06/79_Report_of_The_Expert_Panel_on_Radio_Quiet_Zone_and_RFI_Regulation.pdf}},
month = {June},
}

@ARTICLE{Jacobs.15,
   author = {{Jacobs}, D.~C. and {Pober}, J.~C. and {Parsons}, A.~R. and 
	{Aguirre}, J.~E. and {Ali}, Z.~S. and {Bowman}, J. and {Bradley}, R.~F. and 
	{Carilli}, C.~L. and {DeBoer}, D.~R. and {Dexter}, M.~R. and 
	{Gugliucci}, N.~E. and {Klima}, P. and {Liu}, A. and {MacMahon}, D.~H.~E. and 
	{Manley}, J.~R. and {Moore}, D.~F. and {Stefan}, I.~I. and {Walbrugh}, W.~P.
	},
    title = "{Multiredshift Limits on the 21 cm Power Spectrum from PAPER}",
  journal = {ApJ},
archivePrefix = "arXiv",
   eprint = {1408.3389},
 keywords = {dark ages, reionization, first stars, techniques: interferometric},
     year = 2015,
    month = mar,
   volume = 801,
      eid = {51},
    pages = {51},
      doi = {10.1088/0004-637X/801/1/51},
   adsurl = {http://adsabs.harvard.edu/abs/2015ApJ...801...51J},
  adsnote = {Provided by the SAO/NASA Astrophysics Data System}
}

@ARTICLE{Furlanetto.06,
   author = {{Furlanetto}, S.~R. and {Oh}, S.~P. and {Briggs}, F.~H.},
    title = "{Cosmology at low frequencies: The 21 cm transition and the high-redshift Universe}",
  journal = {Physics Review},
   eprint = {astro-ph/0608032},
     year = 2006,
    month = oct,
   volume = 433,
    pages = {181-301},
      doi = {10.1016/j.physrep.2006.08.002},
   adsurl = {http://adsabs.harvard.edu/abs/2006PhR...433..181F},
  adsnote = {Provided by the SAO/NASA Astrophysics Data System}
}

@ARTICLE{Ali.15,
   author = {{Ali}, Z.~S. and {Parsons}, A.~R. and {Zheng}, H. and {Pober}, J.~C. and 
	{Liu}, A. and {Aguirre}, J.~E. and {Bradley}, R.~F. and {Bernardi}, G. and 
	{Carilli}, C.~L. and {Cheng}, C. and {DeBoer}, D.~R. and {Dexter}, M.~R. and 
	{Grobbelaar}, J. and {Horrell}, J. and {Jacobs}, D.~C. and {Klima}, P. and 
	{MacMahon}, D.~H.~E. and {Maree}, M. and {Moore}, D.~F. and 
	{Razavi}, N. and {Stefan}, I.~I. and {Walbrugh}, W.~P. and {Walker}, A.
	},
    title = "{PAPER-64 Constraints on Reionization: The 21cm Power Spectrum at z=8.4}",
  journal = {ArXiv e-prints},
archivePrefix = "arXiv",
   eprint = {1502.06016},
 keywords = {Astrophysics - Cosmology and Nongalactic Astrophysics},
     year = 2015,
    month = feb,
   adsurl = {http://adsabs.harvard.edu/abs/2015arXiv150206016A},
  adsnote = {Provided by the SAO/NASA Astrophysics Data System}
}


@ARTICLE{AOflag,
   author = {{Offringa}, A.~R. and {van de Gronde}, J.~J. and {Roerdink}, J.~B.~T.~M.
	},
    title = "{A morphological algorithm for improving radio-frequency interference detection}",
  journal = {A\&A},
archivePrefix = "arXiv",
   eprint = {1201.3364},
 primaryClass = "astro-ph.IM",
 keywords = {instrumentation: interferometers, methods: data analysis, techniques: interferometric},
     year = 2012,
    month = mar,
   volume = 539,
      eid = {A95},
    pages = {A95},
      doi = {10.1051/0004-6361/201118497},
   adsurl = {http://adsabs.harvard.edu/abs/2012A%26A...539A..95O},
  adsnote = {Provided by the SAO/NASA Astrophysics Data System}
}


@TechReport{SARL,
author = {SARL},
title = {SARL 2 Band plan},
institution = {SARL},
year = {2011},
key = {ZS6SRL},
address = {\url{http://www.sarl.org.za/Documents/Bandplan_SA_2m_20111001.pdf}},
month = {October}
}


@TechReport{AircraftCalibrationFreqs,
author = {{South African Civil Aviation Authority}},
title = {FLIGHT CALIBRATION DATES OF VOR's IN THE REPUBLIC OF SOUTH AFRICA},
institution = {Aeronautical Information Circular},
year = {2008},
key = {AIC},
number = {25.6},
address = {\url{http://209.203.9.244/resource%20center/AIC'S/25.6.pdf}},
month = {June}
}

@TechReport{SAFreqTable,
author = {Staatskoerant},
title = {South African Table of Frequency Allocations},
institution = {ICASA},
year = {2008},
number = {31264},
address = {\url{http://thornton.co.za/resources/31264_890_complete-1.pdf}},
month = {July}
}

@ARTICLE{ParsonsBacker.09,
   author = {{Parsons}, A.~R. and {Backer}, D.~C.},
    title = "{Calibration of Low-Frequency, Wide-Field Radio Interferometers Using Delay/Delay-Rate Filtering}",
  journal = {AJ},
archivePrefix = "arXiv",
   eprint = {0901.2575},
 primaryClass = "astro-ph.IM",
 keywords = {instrumentation: interferometers, methods: data analysis, techniques: interferometric},
     year = 2009,
    month = jul,
   volume = 138,
    pages = {219-226},
      doi = {10.1088/0004-6256/138/1/219},
   adsurl = {http://adsabs.harvard.edu/abs/2009AJ....138..219P},
  adsnote = {Provided by the SAO/NASA Astrophysics Data System}
}
@ARTICLE{Parsons.14,
   author = {{Parsons}, A.~R. and {Liu}, A. and {Aguirre}, J.~E. and {Ali}, Z.~S. and 
	{Bradley}, R.~F. and {Carilli}, C.~L. and {DeBoer}, D.~R. and 
	{Dexter}, M.~R. and {Gugliucci}, N.~E. and {Jacobs}, D.~C. and 
	{Klima}, P. and {MacMahon}, D.~H.~E. and {Manley}, J.~R. and 
	{Moore}, D.~F. and {Pober}, J.~C. and {Stefan}, I.~I. and {Walbrugh}, W.~P.
	},
    title = "{New Limits on 21 cm Epoch of Reionization from PAPER-32 Consistent with an X-Ray Heated Intergalactic Medium at z = 7.7}",
  journal = {ApJ},
archivePrefix = "arXiv",
   eprint = {1304.4991},
 keywords = {cosmology: observations, dark ages, reionization, first stars, early universe, instrumentation: interferometers, intergalactic medium, radio continuum: general},
     year = 2014,
    month = jun,
   volume = 788,
      eid = {106},
    pages = {106},
      doi = {10.1088/0004-637X/788/2/106},
   adsurl = {http://adsabs.harvard.edu/abs/2014ApJ...788..106P},
  adsnote = {Provided by the SAO/NASA Astrophysics Data System}
}
@PhdThesis{MooreThesis,
author = {{Moore}, D.~F.},
title = {POLARIZATION AND ITS DISCONTENTS:
HOW POLARIZED FOREGROUNDS AFFECT 21CM EPOCH OF REIONIZATION MEASUREMENTS},
school = {University of Pennsylvania},
year = {2014}
}

@ARTICLE{healpix,
   author = {{G{\'o}rski}, K.~M. and {Hivon}, E. and {Banday}, A.~J. and 
	{Wandelt}, B.~D. and {Hansen}, F.~K. and {Reinecke}, M. and 
	{Bartelmann}, M.},
    title = "{HEALPix: A Framework for High-Resolution Discretization and Fast Analysis of Data Distributed on the Sphere}",
  journal = {ApJ},
   eprint = {arXiv:astro-ph/0409513},
 keywords = {Cosmology: Cosmic Microwave Background, Cosmology: Observations, Methods: Statistical},
     year = 2005,
    month = apr,
   volume = 622,
    pages = {759-771},
      doi = {10.1086/427976},
   adsurl = {http://adsabs.harvard.edu/abs/2005ApJ...622..759G},
  adsnote = {Provided by the SAO/NASA Astrophysics Data System}
}
@ARTICLE{FHD,
   author = {{Sullivan}, I.~S. and {Morales}, M.~F. and {Hazelton}, B.~J. and 
	{Arcus}, W. and {Barnes}, D. and {Bernardi}, G. and {Briggs}, F.~H. and 
	{Bowman}, J.~D. and {Bunton}, J.~D. and {Cappallo}, R.~J. and 
	{Corey}, B.~E. and {Deshpande}, A. and {deSouza}, L. and {Emrich}, D. and 
	{Gaensler}, B.~M. and {Goeke}, R. and {Greenhill}, L.~J. and 
	{Herne}, D. and {Hewitt}, J.~N. and {Johnston-Hollitt}, M. and 
	{Kaplan}, D.~L. and {Kasper}, J.~C. and {Kincaid}, B.~B. and 
	{Koenig}, R. and {Kratzenberg}, E. and {Lonsdale}, C.~J. and 
	{Lynch}, M.~J. and {McWhirter}, S.~R. and {Mitchell}, D.~A. and 
	{Morgan}, E. and {Oberoi}, D. and {Ord}, S.~M. and {Pathikulangara}, J. and 
	{Prabu}, T. and {Remillard}, R.~A. and {Rogers}, A.~E.~E. and 
	{Roshi}, A. and {Salah}, J.~E. and {Sault}, R.~J. and {Udaya Shankar}, N. and 
	{Srivani}, K.~S. and {Stevens}, J. and {Subrahmanyan}, R. and 
	{Tingay}, S.~J. and {Wayth}, R.~B. and {Waterson}, M. and {Webster}, R.~L. and 
	{Whitney}, A.~R. and {Williams}, A. and {Williams}, C.~L. and 
	{Wyithe}, J.~S.~B.},
    title = "{Fast Holographic Deconvolution: A New Technique for Precision Radio Interferometry}",
  journal = {ApJ},
archivePrefix = "arXiv",
   eprint = {1209.1653},
 primaryClass = "astro-ph.IM",
 keywords = {dark ages, reionization, first stars, techniques: image processing, techniques: interferometric},
     year = 2012,
    month = nov,
   volume = 759,
      eid = {17},
    pages = {17},
      doi = {10.1088/0004-637X/759/1/17},
   adsurl = {http://adsabs.harvard.edu/abs/2012ApJ...759...17S},
  adsnote = {Provided by the SAO/NASA Astrophysics Data System}
}

@misc{keras,
  title={Keras},
  author={Chollet, Fran\c{c}ois and others},
  year={2015},
  publisher={GitHub},
  howpublished={\url{https://github.com/fchollet/keras}},
}
@article{pytorch,
  title={Automatic differentiation in PyTorch},
  author={Paszke, Adam and Gross, Sam and Chintala, Soumith and Chanan, Gregory and Yang, Edward and DeVito, Zachary and Lin, Zeming and Desmaison, Alban and Antiga, Luca and Lerer, Adam},
  year={2017}
}
@ARTICLE{tensorflow,
   author = {{Abadi}, M. and {Agarwal}, A. and {Barham}, P. and {Brevdo}, E. and 
	{Chen}, Z. and {Citro}, C. and {Corrado}, G.~S. and {Davis}, A. and 
	{Dean}, J. and {Devin}, M. and {Ghemawat}, S. and {Goodfellow}, I. and 
	{Harp}, A. and {Irving}, G. and {Isard}, M. and {Jia}, Y. and 
	{Jozefowicz}, R. and {Kaiser}, L. and {Kudlur}, M. and {Levenberg}, J. and 
	{Mane}, D. and {Monga}, R. and {Moore}, S. and {Murray}, D. and 
	{Olah}, C. and {Schuster}, M. and {Shlens}, J. and {Steiner}, B. and 
	{Sutskever}, I. and {Talwar}, K. and {Tucker}, P. and {Vanhoucke}, V. and 
	{Vasudevan}, V. and {Viegas}, F. and {Vinyals}, O. and {Warden}, P. and 
	{Wattenberg}, M. and {Wicke}, M. and {Yu}, Y. and {Zheng}, X.
	},
    title = "{TensorFlow: Large-Scale Machine Learning on Heterogeneous Distributed Systems}",
  journal = {ArXiv e-prints},
archivePrefix = "arXiv",
   eprint = {1603.04467},
 primaryClass = "cs.DC",
 keywords = {Computer Science - Distributed, Parallel, and Cluster Computing, Computer Science - Learning},
     year = 2016,
    month = mar,
   adsurl = {http://adsabs.harvard.edu/abs/2016arXiv160304467A},
  adsnote = {Provided by the SAO/NASA Astrophysics Data System}
}

@InProceedings{casa,
author = {McMullin, J. P. and Waters, B. and Schiebel, D., and Young, W. and Golap, K.},
title = {CASA},
booktitle = {Astronomical Data Analysis Software and Systems XVI},
pages = {127},
year = {2007},
editor = {Shaw, R. A.  and Hill, F. and Bell, D. J.},
series = {376},
address = {San Francisco, CA},
organization = {ASP}
}
@misc{pyuvdata,
  author       = {Bryna Hazelton and
                  Adam Beardsley and
                  Jonathan Pober and
                  Danny Jacobs and
                  Zaki Ali and
                  Adam Lanman},
  title        = {HERA-Team/pyuvdata: Version 1.1},
  month        = apr,
  year         = 2017,
  doi          = {10.5281/zenodo.546260},
  url          = {https://doi.org/10.5281/zenodo.546260}
}
@ARTICLE{astropy,
   author = {{Astropy Collaboration} and {Robitaille}, T.~P. and {Tollerud}, E.~J. and 
	{Greenfield}, P. and {Droettboom}, M. and {Bray}, E. and {Aldcroft}, T. and 
	{Davis}, M. and {Ginsburg}, A. and {Price-Whelan}, A.~M. and 
	{Kerzendorf}, W.~E. and {Conley}, A. and {Crighton}, N. and 
	{Barbary}, K. and {Muna}, D. and {Ferguson}, H. and {Grollier}, F. and 
	{Parikh}, M.~M. and {Nair}, P.~H. and {Unther}, H.~M. and {Deil}, C. and 
	{Woillez}, J. and {Conseil}, S. and {Kramer}, R. and {Turner}, J.~E.~H. and 
	{Singer}, L. and {Fox}, R. and {Weaver}, B.~A. and {Zabalza}, V. and 
	{Edwards}, Z.~I. and {Azalee Bostroem}, K. and {Burke}, D.~J. and 
	{Casey}, A.~R. and {Crawford}, S.~M. and {Dencheva}, N. and 
	{Ely}, J. and {Jenness}, T. and {Labrie}, K. and {Lim}, P.~L. and 
	{Pierfederici}, F. and {Pontzen}, A. and {Ptak}, A. and {Refsdal}, B. and 
	{Servillat}, M. and {Streicher}, O.},
    title = "{Astropy: A community Python package for astronomy}",
  journal = {A\& A},
archivePrefix = "arXiv",
   eprint = {1307.6212},
 primaryClass = "astro-ph.IM",
 keywords = {methods: data analysis, methods: miscellaneous, virtual observatory tools},
     year = 2013,
    month = oct,
   volume = 558,
      eid = {A33},
    pages = {A33},
      doi = {10.1051/0004-6361/201322068},
   adsurl = {http://adsabs.harvard.edu/abs/2013A%26A...558A..33A},
  adsnote = {Provided by the SAO/NASA Astrophysics Data System}
}
@MISC{miriad,
   author = {{Sault}, R.~J. and {Teuben}, P. and {Wright}, M.~C.~H.},
    title = "{MIRIAD: Multi-channel Image Reconstruction, Image Analysis, and Display}",
 keywords = {Software },
howpublished = {Astrophysics Source Code Library},
     year = 2011,
    month = jun,
archivePrefix = "ascl",
   eprint = {1106.007},
   adsurl = {http://adsabs.harvard.edu/abs/2011ascl.soft06007S},
  adsnote = {Provided by the SAO/NASA Astrophysics Data System}
}

@MISC{aipy,
   author = {{Parsons}, A.},
    title = "{AIPY: Astronomical Interferometry in PYthon}",
 keywords = {Software },
howpublished = {Astrophysics Source Code Library},
     year = 2016,
    month = sep,
archivePrefix = "ascl",
   eprint = {1609.012},
   adsurl = {http://adsabs.harvard.edu/abs/2016ascl.soft09012P},
  adsnote = {Provided by the SAO/NASA Astrophysics Data System}
}

@Misc{ScipyEcosystem,
  author =    {Eric Jones and Travis Oliphant and Pearu Peterson and others},
  title =     {{SciPy}: Open source scientific tools for {Python}},
  year =      {2001},
  url = "http://www.scipy.org/",
  note = {[Online; accessed <today>]}
}
@ARTICLE{AstropyProblem,
   author = {{Muna}, D. and {Alexander}, M. and {Allen}, A. and {Ashley}, R. and 
	{Asmus}, D. and {Azzollini}, R. and {Bannister}, M. and {Beaton}, R. and 
	{Benson}, A. and {Berriman}, G.~B. and {Bilicki}, M. and {Boyce}, P. and 
	{Bridge}, J. and {Cami}, J. and {Cangi}, E. and {Chen}, X. and 
	{Christiny}, N. and {Clark}, C. and {Collins}, M. and {Comparat}, J. and 
	{Cook}, N. and {Croton}, D. and {Delberth Davids}, I. and {Depagne}, {\'E}. and 
	{Donor}, J. and {dos Santos}, L.~A. and {Douglas}, S. and {Du}, A. and 
	{Durbin}, M. and {Erb}, D. and {Faes}, D. and {Fern{\'a}ndez-Trincado}, J.~G. and 
	{Foley}, A. and {Fotopoulou}, S. and {Frimann}, S. and {Frinchaboy}, P. and 
	{Garcia-Dias}, R. and {Gawryszczak}, A. and {George}, E. and 
	{Gonzalez}, S. and {Gordon}, K. and {Gorgone}, N. and {Gosmeyer}, C. and 
	{Grasha}, K. and {Greenfield}, P. and {Grellmann}, R. and {Guillochon}, J. and 
	{Gurwell}, M. and {Haas}, M. and {Hagen}, A. and {Haggard}, D. and 
	{Haines}, T. and {Hall}, P. and {Hellwing}, W. and {Herenz}, E.~C. and 
	{Hinton}, S. and {Hlozek}, R. and {Hoffman}, J. and {Holman}, D. and 
	{Holwerda}, B.~W. and {Horton}, A. and {Hummels}, C. and {Jacobs}, D. and 
	{Juel Jensen}, J. and {Jones}, D. and {Karick}, A. and {Kelley}, L. and 
	{Kenworthy}, M. and {Kitchener}, B. and {Klaes}, D. and {Kohn}, S. and 
	{Konorski}, P. and {Krawczyk}, C. and {Kuehn}, K. and {Kuutma}, T. and 
	{Lam}, M.~T. and {Lane}, R. and {Liske}, J. and {Lopez-Camara}, D. and 
	{Mack}, K. and {Mangham}, S. and {Mao}, Q. and {Marsh}, D.~J.~E. and 
	{Mateu}, C. and {Maurin}, L. and {McCormac}, J. and {Momcheva}, I. and 
	{Monteiro}, H. and {Mueller}, M. and {Munoz}, R. and {Naidu}, R. and 
	{Nelson}, N. and {Nitschelm}, C. and {North}, C. and {Nunez-Iglesias}, J. and 
	{Ogaz}, S. and {Owen}, R. and {Parejko}, J. and {Patr{\'{\i}}cio}, V. and 
	{Pepper}, J. and {Perrin}, M. and {Pickering}, T. and {Piscionere}, J. and 
	{Pogge}, R. and {Poleski}, R. and {Pourtsidou}, A. and {Price-Whelan}, A.~M. and 
	{Rawls}, M.~L. and {Read}, S. and {Rees}, G. and {Rein}, H. and 
	{Rice}, T. and {Riemer-S{\o}rensen}, S. and {Rusomarov}, N. and 
	{Sanchez}, S.~F. and {Santander-Garc{\'{\i}}a}, M. and {Sarid}, G. and 
	{Schoenell}, W. and {Scholz}, A. and {Schuhmann}, R.~L. and 
	{Schuster}, W. and {Scicluna}, P. and {Seidel}, M. and {Shao}, L. and 
	{Sharma}, P. and {Shulevski}, A. and {Shupe}, D. and {Sif{\'o}n}, C. and 
	{Simmons}, B. and {Sinha}, M. and {Skillen}, I. and {Soergel}, B. and 
	{Spriggs}, T. and {Srinivasan}, S. and {Stevens}, A. and {Streicher}, O. and 
	{Suchyta}, E. and {Tan}, J. and {Telford}, O.~G. and {Thomas}, R. and 
	{Tonini}, C. and {Tremblay}, G. and {Tuttle}, S. and {Urrutia}, T. and 
	{Vaughan}, S. and {Verdugo}, M. and {Wagner}, A. and {Walawender}, J. and 
	{Wetzel}, A. and {Willett}, K. and {Williams}, P.~K.~G. and 
	{Yang}, G. and {Zhu}, G. and {Zonca}, A.},
    title = "{The Astropy Problem}",
  journal = {ArXiv e-prints},
archivePrefix = "arXiv",
   eprint = {1610.03159},
 primaryClass = "astro-ph.IM",
 keywords = {Astrophysics - Instrumentation and Methods for Astrophysics, Physics - Physics and Society},
     year = 2016,
    month = oct,
   adsurl = {http://adsabs.harvard.edu/abs/2016arXiv161003159M},
  adsnote = {Provided by the SAO/NASA Astrophysics Data System}
}
